<mx:record xmlns="http://www.w3.org/TR/xhtml1/strict" xmlns:mx="http://www.loc.gov/MARC21/slim" xmlns:xsi="http://www.w3.org/2001/XMLSchema-instance"><mx:leader>00000cz   2200000n  4500</mx:leader><mx:controlfield tag="001">oca00086675 </mx:controlfield><mx:controlfield tag="005">20030221033201.0</mx:controlfield><mx:controlfield tag="008">801003n| acannaab           |a aaa      </mx:controlfield><mx:datafield ind1=" " ind2=" " tag="010"><mx:subfield code="a">n  50051738 </mx:subfield></mx:datafield><mx:datafield ind1=" " ind2=" " tag="040"><mx:subfield code="a">DLC</mx:subfield><mx:subfield code="c">DLC</mx:subfield><mx:subfield code="d">DLC</mx:subfield><mx:subfield code="d">CMalG</mx:subfield></mx:datafield><mx:datafield ind1="1" ind2=" " tag="100"><mx:subfield code="a">Lipsius, Justus,</mx:subfield><mx:subfield code="d">1547-1606</mx:subfield></mx:datafield><mx:datafield ind1="1" ind2=" " tag="400"><mx:subfield code="a">Lipse, Juste,</mx:subfield><mx:subfield code="d">1547-1606</mx:subfield></mx:datafield><mx:datafield ind1="1" ind2=" " tag="400"><mx:subfield code="a">Lipsius, I.</mx:subfield><mx:subfield code="q">(Iustus),</mx:subfield><mx:subfield code="d">1547-1606</mx:subfield></mx:datafield><mx:datafield ind1="1" ind2=" " tag="400"><mx:subfield code="a">Lipsius, Iustus,</mx:subfield><mx:subfield code="d">1547-1606</mx:subfield></mx:datafield><mx:datafield ind1="1" ind2=" " tag="400"><mx:subfield code="a">Lipsius, J.</mx:subfield><mx:subfield code="q">(Justus),</mx:subfield><mx:subfield code="d">1547-1606</mx:subfield></mx:datafield><mx:datafield ind1="1" ind2=" " tag="400"><mx:subfield code="a">Lipsii, Justi,</mx:subfield><mx:subfield code="d">1547-1606</mx:subfield></mx:datafield><mx:datafield ind1="1" ind2=" " tag="400"><mx:subfield code="a">Lips, Joest,</mx:subfield><mx:subfield code="d">1547-1606</mx:subfield></mx:datafield><mx:datafield ind1=" " ind2=" " tag="670"><mx:subfield code="a">His Iusti LipsI De bibliothecis syntagma, 1607.</mx:subfield></mx:datafield><mx:datafield ind1=" " ind2=" " tag="670"><mx:subfield code="a">Seneca, L.A. L. Annaei Senecae philosophi Opera omnia ... 1658-1659:</mx:subfield><mx:subfield code="b">v. 1, t.p. (... I. Lipsii)</mx:subfield></mx:datafield><mx:datafield ind1=" " ind2=" " tag="670"><mx:subfield code="a">Principles of letter-writing, c1994:</mx:subfield><mx:subfield code="b">CIP t.p. (Justi Lipsii)</mx:subfield></mx:datafield><mx:datafield ind1=" " ind2=" " tag="670"><mx:subfield code="a">The Fowler architectural collection of the Johns Hopkins University, 1961:</mx:subfield><mx:subfield code="b">p. 154 (Lips, Joest; 1547-1606)</mx:subfield></mx:datafield><mx:datafield ind1=" " ind2=" " tag="999"><mx:subfield code="a">930</mx:subfield></mx:datafield></mx:record>